<record><leader>00000cas a22000007a 4500</leader><controlfield tag="001">1697123</controlfield><controlfield tag="008">751012d19341962mnuwr ne      0    0eng d</controlfield><datafield ind1=" " ind2=" " tag="010"><subfield code="a">sn 89064972 </subfield></datafield><datafield ind1=" " ind2=" " tag="040"><subfield code="a">MUL</subfield><subfield code="b">eng</subfield><subfield code="c">MUL</subfield><subfield code="d">MN#</subfield><subfield code="d">OCLCQ</subfield><subfield code="d">OCLCF</subfield><subfield code="d">OCLCO</subfield></datafield><datafield ind1=" " ind2=" " tag="042"><subfield code="a">msc</subfield></datafield><datafield ind1=" " ind2=" " tag="043"><subfield code="a">n-us-mn</subfield></datafield><datafield ind1=" " ind2=" " tag="052"><subfield code="a">4144</subfield><subfield code="b">V7</subfield></datafield><datafield ind1=" " ind2=" " tag="052"><subfield code="a">4143</subfield><subfield code="b">S2</subfield></datafield><datafield ind1="0" ind2=" " tag="130"><subfield code="a">Range facts (Virginia, Minn.)</subfield></datafield><datafield ind1="1" ind2="0" tag="245"><subfield code="a">Range facts.</subfield></datafield><datafield ind1=" " ind2=" " tag="260"><subfield code="a">Virginia, Minn. :</subfield><subfield code="b">W.A. Fisher Co.,</subfield><subfield code="c">-1962.</subfield></datafield><datafield ind1=" " ind2=" " tag="300"><subfield code="a">v.</subfield></datafield><datafield ind1=" " ind2=" " tag="310"><subfield code="a">Weekly</subfield></datafield><datafield ind1="1" ind2=" " tag="362"><subfield code="a">Began in Jan. 1934.</subfield></datafield><datafield ind1="0" ind2=" " tag="362"><subfield code="a">-29th year, no. 49 (Dec. 6, 1962).</subfield></datafield><datafield ind1=" " ind2=" " tag="530"><subfield code="a">Available on microfilm from the Minnesota Historical Society.</subfield></datafield><datafield ind1=" " ind2=" " tag="588"><subfield code="a">Description based on: 7th year, no. 13 (Mar. 28, 1940).</subfield></datafield><datafield ind1=" " ind2="0" tag="651"><subfield code="a">Virginia (Minn.)</subfield><subfield code="v">Newspapers.</subfield></datafield><datafield ind1=" " ind2="7" tag="655"><subfield code="a">Newspapers.</subfield><subfield code="2">fast</subfield><subfield code="0">(OCoLC)fst01423814</subfield></datafield><datafield ind1=" " ind2="7" tag="651"><subfield code="a">Minnesota</subfield><subfield code="z">Virginia.</subfield><subfield code="2">fast</subfield><subfield code="0">(OCoLC)fst01220207</subfield></datafield><datafield ind1=" " ind2=" " tag="752"><subfield code="a">United States</subfield><subfield code="b">Minnesota</subfield><subfield code="c">Saint Louis</subfield><subfield code="d">Virginia.</subfield></datafield><datafield ind1="0" ind2="7" tag="785"><subfield code="t">Journal (Aurora, Minn.)</subfield><subfield code="w">(DLC)sn 90059113</subfield></datafield><datafield ind1="0" ind2="7" tag="785"><subfield code="t">East Range journal-facts</subfield><subfield code="w">(DLC)sn 89064973</subfield></datafield></record>